% This is the bibliography file
% See	 http://en.wikibooks.org/wiki/LaTeX/Bibliography_Management#BibTeX

% Google Scholar has a very handy 'Import into BibTeX' link.
% Just find the paper you want on Google Scholar, then click 'Cite'

@inproceedings{rocca2011fast,
  title={Fast Neighborhood Search on Polygonal Meshes},
  author={Rocca, Luigi and De Giorgis, Nikolas and Panozzo, Daniele and Puppo, Enrico},
  booktitle={Eurographics Italian Chapter Conference 2011},
  pages={15--21},
  year={2011},
  organization={The Eurographics Association}
}



@inproceedings{eppstein2008motorcycle,
  title={Motorcycle graphs: canonical quad mesh partitioning},
  author={Eppstein, David and Goodrich, Michael T and Kim, Ethan and Tamstorf, Rasmus},
  booktitle={Computer Graphics Forum},
  volume={27},
  number={5},
  pages={1477--1486},
  year={2008},
  organization={Wiley Online Library}
}


@techreport{ridley2010guide,
	author = "Phil Ridley",
	institution = "HECToR: UK National Supercomputing Service - Numerical Algorithms Group ",
	title = "Guide to Partitioning Unstructured Meshes for Parallel Computing",
	month = "April",
	year = "2010"
}

@incollection{makem2012automatic,
  title={Automatic decomposition and efficient semi-structured meshing of complex solids},
  author={Makem, Jonathan E and Armstrong, Cecil G and Robinson, Trevor T},
  booktitle={Proceedings of the 20th international meshing roundtable},
  pages={199--215},
  year={2012},
  publisher={Springer}
}

@article{li2004hierarchical,
  title={Hierarchical partitioning techniques for structured adaptive mesh refinement applications},
  author={Li, Xiaolin and Parashar, Manish},
  journal={The Journal of Supercomputing},
  volume={28},
  number={3},
  pages={265--278},
  year={2004},
  publisher={Springer}
}

@article{bergen2004hierarchical,
  title={Hierarchical hybrid grids: data structures and core algorithms for multigrid},
  author={Bergen, Benjamin Karl and H{\"u}lsemann, Frank},
  journal={Numerical linear algebra with applications},
  volume={11},
  number={2-3},
  pages={279--291},
  year={2004},
  publisher={Wiley Online Library}
}